%! TEX root = thesis.tex
% vim: ft=tex et sts=2 sw=2

@ARTICLE{abraham1990,
  AUTHOR = {Abraham, Farid F. and Nelson, David R.},
  PUBLISHER = {{EDP} Sciences},
  DATE = {1990},
  DOI = {10.1051/jphys:0199000510230265300},
  JOURNALTITLE = {J. Phys. France},
  NUMBER = {23},
  PAGES = {2653--2672},
  TITLE = {Fluctuations in the flat and collapsed phases of polymerized membranes},
  VOLUME = {51},
}

@ARTICLE{anderson1972,
  AUTHOR = {Anderson, P. W.},
  PUBLISHER = {American Association for the Advancement of Science ({AAAS})},
  URL = {https://doi.org/10.1126%2Fscience.177.4047.393},
  DATE = {1972-08},
  DOI = {10.1126/science.177.4047.393},
  JOURNALTITLE = {Science},
  NUMBER = {4047},
  PAGES = {393--396},
  TITLE = {More Is Different},
  VOLUME = {177},
}

@BOOK{arnold1978,
  AUTHOR = {Arnold, Vladimir Igorevich},
  TRANSLATOR = {Vogtmann, K. and Weinstein, A.},
  LOCATION = {New York, NY},
  PUBLISHER = {Springer},
  DATE = {1978},
  TITLE = {Mathematical Methods of Classical Mechanics},
}

@BOOK{audoly2010,
  AUTHOR = {Audoly, Basile and Pomeau, Yves},
  LOCATION = {Oxford},
  PUBLISHER = {Oxford University Press},
  DATE = {2010},
  TITLE = {Elasticity and Geometry},
}

@ARTICLE{banos1956,
  AUTHOR = {Baños, Alfredo},
  PUBLISHER = {American Physical Society},
  DATE = {1956-10},
  DOI = {10.1103/PhysRev.104.300},
  ISSUE = {2},
  JOURNALTITLE = {Phys. Rev.},
  PAGES = {300--305},
  TITLE = {Normal Modes Characterizing Magnetoelastic Plane Waves},
  VOLUME = {104},
}

@BOOK{bender1978,
  AUTHOR = {Bender, Carl M and Orszag, Steven},
  LOCATION = {New York, NY},
  PUBLISHER = {McGraw Hill},
  DATE = {1978},
  TITLE = {Advanced Mathematical Methods for Scientists and Engineers},
}

@ARTICLE{berk1980,
  AUTHOR = {Berk, H. L. and Pfirsch, D.},
  PUBLISHER = {{AIP} Publishing},
  URL = {https://doi.org/10.1063%2F1.524716},
  DATE = {1980-08},
  DOI = {10.1063/1.524716},
  JOURNALTITLE = {J. Math. Phys.},
  NUMBER = {8},
  PAGES = {2054--2066},
  TITLE = {{KB} method for systems of integral equations},
  VOLUME = {21},
}

@ARTICLE{bernstein1975,
  AUTHOR = {Bernstein, Ira B.},
  PUBLISHER = {{AIP} Publishing},
  URL = {https://doi.org/10.1063%2F1.861140},
  DATE = {1975-03},
  DOI = {10.1063/1.861140},
  JOURNALTITLE = {Phys. Fluids},
  NUMBER = {3},
  PAGES = {320--324},
  TITLE = {Geometric optics in space- and time-varying plasmas},
  VOLUME = {18},
}

@ARTICLE{berry2020,
  AUTHOR = {Berry, M. and Lee-Trimble, M. E. and Santangelo, C. D.},
  PUBLISHER = {American Physical Society},
  DATE = {2020-04},
  DOI = {10.1103/PhysRevE.101.043003},
  EPRINT = {1910.01008},
  EPRINTCLASS = {cond-mat.soft},
  EPRINTTYPE = {arXiv},
  ISSUE = {4},
  JOURNALTITLE = {Phys. Rev. E},
  PAGES = {043003},
  TITLE = {Topological transitions in the configuration space of non-{Euclidean} origami},
  VOLUME = {101},
}

@ARTICLE{berry1984,
  AUTHOR = {Berry, Michael Victor},
  DATE = {1984},
  DOI = {10.1098/rspa.1984.0023},
  JOURNALTITLE = {Proc. R. Soc. A},
  NUMBER = {1802},
  PAGES = {45--57},
  TITLE = {Quantal phase factors accompanying adiabatic changes},
  VOLUME = {392},
}

@INBOOK{bohigas2019,
  AUTHOR = {Bohigas, Oriol},
  EDITOR = {Müller, Andreas and Zlatanov, Dimiter},
  LOCATION = {Cham},
  PUBLISHER = {Springer International Publishing},
  BOOKTITLE = {Singular Configurations of Mechanisms and Manipulators},
  DATE = {2019},
  DOI = {10.1007/978-3-030-05219-5_2},
  ISBN = {978-3-030-05219-5},
  PAGES = {39--65},
  TITLE = {Singularity Set Computation: A Hands-On Session with the CUIK Suite},
}

@ARTICLE{bowick1996,
  AUTHOR = {Bowick, Mark J. and Catterall, Simon M. and Falcioni, Marco and Thorleifsson, Gudmar and Anagnostopoulos, Konstantinos N.},
  PUBLISHER = {{EDP} Sciences},
  DATE = {1996-10},
  DOI = {10.1051/jp1:1996139},
  EPRINT = {cond-mat/9603157},
  EPRINTTYPE = {arXiv},
  JOURNALTITLE = {J. Phys. I France},
  NUMBER = {10},
  PAGES = {1321--1345},
  TITLE = {The Flat Phase of Crystalline Membranes},
  VOLUME = {6},
}

@BOOK{breitung1994,
  AUTHOR = {Breitung, Karl Wilhelm},
  LOCATION = {Berlin},
  PUBLISHER = {Springer},
  DATE = {1994},
  DOI = {10.1007/bfb0073538},
  TITLE = {Asymptotic Approximations for Probability Integrals},
}

@ARTICLE{buell1995,
  AUTHOR = {Buell, Walter F. and Shadwick, B. A.},
  PUBLISHER = {American Association of Physics Teachers ({AAPT})},
  URL = {https://doi.org/10.1119%2F1.17935},
  DATE = {1995-03},
  DOI = {10.1119/1.17935},
  JOURNALTITLE = {Am. J. Phys.},
  NUMBER = {3},
  PAGES = {256--258},
  TITLE = {Potentials and bound states},
  VOLUME = {63},
}

@ARTICLE{burns2020,
  AUTHOR = {Burns, Keaton J. and Vasil, Geoffrey M. and Oishi, Jeffrey S. and Lecoanet, Daniel and Brown, Benjamin P.},
  PUBLISHER = {American Physical Society},
  DATE = {2020-04},
  DOI = {10.1103/PhysRevResearch.2.023068},
  EPRINT = {1905.10388},
  EPRINTCLASS = {astro-ph.IM},
  EPRINTTYPE = {arXiv},
  ISSUE = {2},
  JOURNALTITLE = {Phys. Rev. Research},
  PAGES = {023068},
  TITLE = {Dedalus: A flexible framework for numerical simulations with spectral methods},
  VOLUME = {2},
}

@ARTICLE{calladine1978,
  AUTHOR = {Calladine, C.R.},
  DATE = {1978},
  DOI = {10.1016/0020-7683(78)90052-5},
  ISSN = {0020-7683},
  JOURNALTITLE = {Int. J. Solids Struct.},
  NUMBER = {2},
  PAGES = {161--172},
  TITLE = {{Buckminster Fuller's} `Tensegrity' structures and {Clerk Maxwell's} rules for the construction of stiff frames},
  VOLUME = {14},
}

@BOOK{chaichian2001,
  AUTHOR = {Chaichian, Masud and Demichev, Andrei},
  LOCATION = {Bristol},
  PUBLISHER = {IoP Publishing},
  DATE = {2001},
  MAINTITLE = {Path Integrals in Physics},
  TITLE = {Stochastic Processes and Quantum Mechanics},
  VOLUME = {1},
}

@ARTICLE{chen2018,
  AUTHOR = {Chen, Bryan G. and Santangelo, Christian D.},
  PUBLISHER = {American Physical Society},
  DATE = {2018-02},
  DOI = {10.1103/PhysRevX.8.011034},
  EPRINT = {1706.03869},
  EPRINTCLASS = {cond-mat.soft},
  EPRINTTYPE = {arXiv},
  ISSUE = {1},
  JOURNALTITLE = {Phys. Rev. X},
  PAGES = {011034},
  TITLE = {Branches of Triangulated Origami Near the Unfolded State},
  VOLUME = {8},
}

@ARTICLE{chidamparam1993,
  AUTHOR = {Chidamparam, P. and Leissa, A. W.},
  PUBLISHER = {{ASME} International},
  URL = {https://doi.org/10.1115%2F1.3120374},
  DATE = {1993-09},
  DOI = {10.1115/1.3120374},
  JOURNALTITLE = {Appl. Mech. Rev},
  NUMBER = {9},
  PAGES = {467--483},
  TITLE = {Vibrations of Planar Curved Beams, Rings, and Arches},
  VOLUME = {46},
}

@BOOK{cohen2012,
  AUTHOR = {Cohen, Leon},
  PUBLISHER = {Birkhäuser, Basel},
  DATE = {2012},
  DOI = {10.1007/978-3-0348-0294-9},
  TITLE = {The Weyl Operator and Its Generalization},
}

@BOOK{cohen-tannoudji2019,
  AUTHOR = {Cohen-Tannoudji, Claude and Diu, Bernard and Laloë, Franck},
  TRANSLATOR = {Hemley, Susan Reid and Ostrowsky, Nicole and Ostrowsky, Dan},
  LOCATION = {Weinheim},
  PUBLISHER = {Wiley-VCH},
  DATE = {2019},
  EDITION = {2},
  MAINTITLE = {Quantum Mechanics},
  TITLE = {Basic Concepts, Tools, and Applications},
  VOLUME = {1},
}

@BOOK{connelly2022,
  AUTHOR = {Connelly, R. and Guest, S. D.},
  LOCATION = {Cambridge},
  PUBLISHER = {Cambridge University Press},
  DATE = {2022},
  DOI = {10.1017/9780511843297},
  TITLE = {Frameworks, Tensegrities and Symmetry},
}

@ARTICLE{connelly1994,
  AUTHOR = {Connelly, Robert and Servatius, Herman},
  DATE = {1994-02},
  DOI = {10.1007/BF02574003},
  ISSN = {1432-0444},
  JOURNALTITLE = {Discrete Comput. Geom.},
  NUMBER = {2},
  PAGES = {193--200},
  TITLE = {Higher-order rigidity---What is the proper definition?},
  VOLUME = {11},
}

@ARTICLE{connelly1996,
  AUTHOR = {Connelly, Robert and Whiteley, Walter},
  PUBLISHER = {Society for Industrial {\&} Applied Mathematics ({SIAM})},
  DATE = {1996-08},
  DOI = {10.1137/s0895480192229236},
  JOURNALTITLE = {{SIAM} J. Discrete Math.},
  NUMBER = {3},
  PAGES = {453--491},
  TITLE = {Second-Order Rigidity and Prestress Stability for Tensegrity Frameworks},
  VOLUME = {9},
}

@BOOK{craster2012,
  AUTHOR = {Craster, Richard V and Guenneau, Sébastien},
  LOCATION = {Dordrecht},
  PUBLISHER = {Springer},
  DATE = {2012},
  DOI = {10.1007/978-94-007-4813-2},
  SERIES = {Springer Series in Materials Science},
  TITLE = {Acoustic Metamaterials: Negative Refraction, Imaging, Lensing and Cloaking},
  VOLUME = {166},
}

@ARTICLE{curtis2007,
  AUTHOR = {Curtis, Robyn and Steiner, Marcel},
  PUBLISHER = {Mathematical Association of America},
  URL = {http://www.jstor.org/stable/27642165},
  DATE = {2007},
  ISSN = {00029890, 19300972},
  JOURNALTITLE = {Am. Math. Mon.},
  NUMBER = {3},
  PAGES = {183--201},
  TITLE = {Configuration Spaces of Planar Pentagons},
  VOLUME = {114},
}

@ARTICLE{delplace2017,
  AUTHOR = {Delplace, Pierre and Marston, J. B. and Venaille, Antoine},
  PUBLISHER = {American Association for the Advancement of Science ({AAAS})},
  URL = {https://doi.org/10.1126%2Fscience.aan8819},
  DATE = {2017-10},
  DOI = {10.1126/science.aan8819},
  EPRINT = {1702.07583},
  EPRINTCLASS = {cond-mat.mes-hall},
  EPRINTTYPE = {arXiv},
  JOURNALTITLE = {Science},
  NUMBER = {6366},
  PAGES = {1075--1077},
  TITLE = {Topological origin of equatorial waves},
  VOLUME = {358},
}

@ARTICLE{di-francesco2000,
  AUTHOR = {{Di Francesco}, P.},
  PUBLISHER = {American Mathematical Society ({AMS})},
  URL = {https://doi.org/10.1090%2Fs0273-0979-00-00870-3},
  DATE = {2000-04},
  DOI = {10.1090/s0273-0979-00-00870-3},
  JOURNALTITLE = {Bull. Am. Math. Soc},
  NUMBER = {3},
  PAGES = {251--307},
  TITLE = {Folding and coloring problems in mathematics and physics},
  VOLUME = {37},
}

@INBOOK{diaconis2013,
  AUTHOR = {Diaconis, Persi and Holmes, Susan and Shahshahani, Mehrdad},
  LOCATION = {Beachwood, OH},
  PUBLISHER = {Institute of Mathematical Statistics},
  BOOKTITLE = {Advances in Modern Statistical Theory and Applications},
  DATE = {2013},
  DOI = {10.1214/12-IMSCOLL1006},
  PAGES = {102--125},
  SERIES = {Collections},
  TITLE = {{Sampling from a Manifold}},
  VOLUME = {10},
}

@BOOK{dirac1958,
  AUTHOR = {Dirac, Paul Adrien Maurice},
  LOCATION = {London},
  PUBLISHER = {Oxford University Press},
  DATE = {1958},
  EDITION = {4},
  TITLE = {The Principles of Quantum Mechanics},
}

@ARTICLE{dodd2018,
  AUTHOR = {Dodd, Paul M. and Damasceno, Pablo F. and Glotzer, Sharon C.},
  PUBLISHER = {National Academy of Sciences},
  DATE = {2018},
  DOI = {10.1073/pnas.1722681115},
  ISSN = {0027-8424},
  JOURNALTITLE = {Proc. Natl. Acad. Sci. U.S.A.},
  NUMBER = {29},
  PAGES = {E6690--E6696},
  TITLE = {Universal folding pathways of polyhedron nets},
  VOLUME = {115},
}

@ARTICLE{donelan2007,
  AUTHOR = {Donelan, Peter S},
  DATE = {2007},
  DOI = {10.1017/S0263574707003748},
  JOURNALTITLE = {Robotica},
  NUMBER = {6},
  PAGES = {641--659},
  TITLE = {Singularity-theoretic methods in robot kinematics},
  VOLUME = {25},
}

@REPORT{donnell1933,
  AUTHOR = {Donnell, Lloyd Hamilton},
  INSTITUTION = {National Advisory Committee for Aeronautics},
  LOCATION = {Washington, D.C.},
  URL = {https://ntrs.nasa.gov/citations/19930091553},
  DATE = {1933},
  NUMBER = {479},
  TITLE = {Stability of thin-walled tubes under torsion},
  TYPE = {techreport},
}

@BOOK{doyle2021,
  AUTHOR = {Doyle, James F},
  LOCATION = {New York, NY},
  PUBLISHER = {Springer},
  DATE = {2021},
  DOI = {10.1007/978-3-030-59679-8},
  EDITION = {3},
  TITLE = {Wave Propagation in Structures},
}

@ARTICLE{duclos1995,
  AUTHOR = {Duclos, P. and Exner, P.},
  PUBLISHER = {World Scientific Pub Co Pte Lt},
  DATE = {1995-01},
  DOI = {10.1142/s0129055x95000062},
  JOURNALTITLE = {Rev. Math. Phys.},
  NUMBER = {01},
  PAGES = {73--102},
  TITLE = {Curvature-induced bound states in quantum waveguides in two and three dimensions},
  VOLUME = {07},
}

@ARTICLE{dunn2015,
  AUTHOR = {Dunn, Katherine E. and Dannenberg, Frits and Ouldridge, Thomas E. and Kwiatkowska, Marta and Turberfield, Andrew J. and Bath, Jonathan},
  DATE = {2015-09},
  DOI = {10.1038/nature14860},
  ISSN = {1476-4687},
  JOURNALTITLE = {Nature},
  NUMBER = {7567},
  PAGES = {82--86},
  TITLE = {Guiding the folding pathway of {DNA} origami},
  VOLUME = {525},
}

@INPROCEEDINGS{e2004,
  AUTHOR = {E, Weinan and Vanden-Eijnden, Eric},
  EDITOR = {Attinger, Sabine and Koumoutsakos, Petros},
  LOCATION = {Berlin},
  PUBLISHER = {Springer},
  BOOKTITLE = {Multiscale Modelling and Simulation},
  DATE = {2004},
  DOI = {10.1007/978-3-642-18756-8_3},
  ISBN = {978-3-642-18756-8},
  PAGES = {35--68},
  TITLE = {Metastability, conformation dynamics, and transition pathways in complex systems},
}

@ARTICLE{echenique2011,
  AUTHOR = {Echenique, P. and Cavasotto, C. N. and García-Risueño, P.},
  DATE = {2011-11},
  DOI = {10.1140/epjst/e2011-01517-9},
  EPRINT = {1105.0374},
  EPRINTCLASS = {physics.chem-ph},
  EPRINTTYPE = {arXiv},
  ISSN = {1951-6401},
  JOURNALTITLE = {Eur. Phys. J. Spec. Top.},
  NUMBER = {1},
  PAGES = {5--54},
  TITLE = {The canonical equilibrium of constrained molecular models},
  VOLUME = {200},
}

@ARTICLE{ellis1981,
  AUTHOR = {Ellis, Richard S. and Rosen, Jay S.},
  DATE = {1981-11},
  DOI = {10.1007/bf02099914},
  JOURNALTITLE = {Commun. Math. Phys.},
  NUMBER = {2},
  PAGES = {153--181},
  TITLE = {Asymptotic analysis of {Gaussian} integrals, {II}: Manifold of minimum points},
  VOLUME = {82},
}

@ARTICLE{evans2013,
  AUTHOR = {Evans, Arthur A. and Levine, Alex J.},
  PUBLISHER = {American Physical Society},
  DATE = {2013-07},
  DOI = {10.1103/PhysRevLett.111.038101},
  ISSUE = {3},
  JOURNALTITLE = {Phys. Rev. Lett.},
  PAGES = {038101},
  TITLE = {Reflection and Refraction of Flexural Waves at Geometric Boundaries},
  VOLUME = {111},
}

@BOOK{farber2008,
  AUTHOR = {Farber, Michael},
  LOCATION = {Zurich},
  PUBLISHER = {European Mathematical Society},
  DATE = {2008},
  TITLE = {Invitation to Topological Robotics},
}

@ARTICLE{farhat2009,
  AUTHOR = {Farhat, Mohamed and Guenneau, Sebastien and Enoch, Stefan and Movchan, Alexander B.},
  PUBLISHER = {American Physical Society},
  DATE = {2009-01},
  DOI = {10.1103/PhysRevB.79.033102},
  ISSUE = {3},
  JOURNALTITLE = {Phys. Rev. B},
  PAGES = {033102},
  TITLE = {Cloaking bending waves propagating in thin elastic plates},
  VOLUME = {79},
}

@ARTICLE{forster2006,
  AUTHOR = {Förster, C and Weidl, T},
  PUBLISHER = {Oxford University Press ({OUP})},
  DATE = {2006-05},
  DOI = {10.1093/qjmam/hbl008},
  JOURNALTITLE = {Q. J. Mech. Appl. Math.},
  NUMBER = {3},
  PAGES = {399--418},
  TITLE = {Trapped modes for an elastic strip with perturbation of the material properties},
  VOLUME = {59},
}

@ARTICLE{frenkel2013,
  AUTHOR = {Frenkel, D.},
  DATE = {2013-01},
  DOI = {10.1140/epjp/i2013-13010-8},
  EPRINT = {1211.4440},
  EPRINTCLASS = {cond-mat.stat-mech},
  EPRINTTYPE = {arXiv},
  ISSN = {2190-5444},
  JOURNALTITLE = {Eur. Phys. J. Plus},
  NUMBER = {1},
  PAGES = {10},
  TITLE = {Simulations: The dark side},
  VOLUME = {128},
}

@BOOK{fung1965,
  AUTHOR = {Fung, Yuan Cheng},
  LOCATION = {Englewood Cliffs, NJ},
  PUBLISHER = {Prentice Hall},
  DATE = {1965},
  TITLE = {Foundations of Solid Mechanics},
}

@ARTICLE{gandikota2023a,
  AUTHOR = {Gandikota, M. C. and Cacciuto, A.},
  PUBLISHER = {Royal Society of Chemistry ({RSC})},
  DATE = {2023},
  DOI = {10.1039/d3sm00403a},
  EPRINT = {2306.13190},
  EPRINTCLASS = {cond-mat.soft},
  EPRINTTYPE = {arXiv},
  JOURNALTITLE = {Soft Matter},
  NUMBER = {28},
  PAGES = {5328--5335},
  TITLE = {The crumpling transition of active tethered membranes},
  VOLUME = {19},
}

@ARTICLE{gandikota2023,
  AUTHOR = {Gandikota, M. C. and Das, S. and Cacciuto, A.},
  DATE = {2023},
  EPRINT = {2308.06416},
  EPRINTCLASS = {cond-mat.soft},
  EPRINTTYPE = {arXiv},
  NOTE = {preprint},
  TITLE = {Spontaneous crumpling of active spherical shells},
}

@ARTICLE{gaspar2012,
  AUTHOR = {Gáspár, Merse E and Csermely, Peter},
  PUBLISHER = {Oxford University Press},
  DATE = {2012},
  DOI = {10.1093/bfgp/els023},
  EPRINT = {1204.6389},
  EPRINTCLASS = {physics.bio-ph},
  EPRINTTYPE = {arXiv},
  JOURNALTITLE = {Brief. Funct. Genom.},
  NUMBER = {6},
  PAGES = {443--456},
  TITLE = {Rigidity and flexibility of biological networks},
  VOLUME = {11},
}

@ARTICLE{germogenova1973,
  AUTHOR = {Germogenova, O. A.},
  DATE = {1973},
  DOI = {10.1121/1.1913354},
  JOURNALTITLE = {J. Acoust. Soc. Am.},
  NUMBER = {2},
  PAGES = {535--540},
  TITLE = {Geometrical theory for flexure waves in shells},
  VOLUME = {53},
}

@ARTICLE{go1976,
  AUTHOR = {Gō, Nobuhiro and Scheraga, Harold A.},
  DATE = {1976},
  DOI = {10.1021/ma60052a001},
  JOURNALTITLE = {Macromolecules},
  NUMBER = {4},
  PAGES = {535--542},
  TITLE = {On the Use of Classical Statistical Mechanics in the Treatment of Polymer Chain Conformation},
  VOLUME = {9},
}

@BOOK{goldstein2002,
  AUTHOR = {Goldstein, Herbert and Poole, Charles and Safko, John},
  LOCATION = {New York, NY},
  PUBLISHER = {Addison-Wesley},
  DATE = {2002},
  EDITION = {3},
  TITLE = {Classical Mechanics},
}

@ARTICLE{goldstone1992,
  AUTHOR = {Goldstone, J. and Jaffe, R. L.},
  PUBLISHER = {American Physical Society},
  DATE = {1992-06},
  DOI = {10.1103/PhysRevB.45.14100},
  ISSUE = {24},
  JOURNALTITLE = {Phys. Rev. B},
  PAGES = {14100--14107},
  TITLE = {Bound states in twisting tubes},
  VOLUME = {45},
}

@ARTICLE{gopinathan2002,
  AUTHOR = {Gopinathan, Ajay and Witten, T. A. and Venkataramani, S. C.},
  PUBLISHER = {American Physical Society},
  DATE = {2002-02},
  DOI = {10.1103/PhysRevE.65.036613},
  EPRINT = {cond-mat/0109059},
  EPRINTCLASS = {cond-mat.mtrl-sci},
  EPRINTTYPE = {arXiv},
  ISSUE = {3},
  JOURNALTITLE = {Phys. Rev. E},
  PAGES = {036613},
  TITLE = {Trapping of vibrational energy in crumpled sheets},
  VOLUME = {65},
}

@BOOK{graff1991,
  AUTHOR = {Graff, Karl F},
  LOCATION = {Mineola, NY},
  PUBLISHER = {Dover},
  DATE = {1991},
  TITLE = {Wave Motion in Elastic Solids},
}

@BOOK{grashof1883,
  AUTHOR = {Grashof, F.},
  LOCATION = {Leipzig},
  PUBLISHER = {Voss},
  URL = {https://archive.org/details/bub_gb_GiMCAAAAYAAJ},
  DATE = {1883},
  TITLE = {Theoretische Maschinenlehre},
}

@ARTICLE{gridin2005a,
  AUTHOR = {Gridin, D. and Adamou, A.T. I. and Craster, R.V.},
  URL = {https://www.sciencedirect.com/science/article/pii/S0165212505000454},
  DATE = {2005},
  DOI = {10.1016/j.wavemoti.2005.04.002},
  ISSN = {0165-2125},
  JOURNALTITLE = {Wave Motion},
  NUMBER = {4},
  PAGES = {352--366},
  TITLE = {Trapped modes in bent elastic rods},
  VOLUME = {42},
}

@ARTICLE{gridin2005,
  AUTHOR = {Gridin, Dmitri and Craster, Richard V and Adamou, Alexander T.I},
  DATE = {2005},
  DOI = {10.1098/rspa.2004.1431},
  JOURNALTITLE = {Proc. R. Soc. A},
  NUMBER = {2056},
  PAGES = {1181--1197},
  TITLE = {Trapped modes in curved elastic plates},
  VOLUME = {461},
}

@BOOK{guillemin1974,
  AUTHOR = {Guillemin, Victor and Pollack, Alan},
  LOCATION = {Englewood Cliffs, NJ},
  PUBLISHER = {Prentice Hall},
  DATE = {1974},
  TITLE = {Differential Topology},
}

@BOOK{hansen2012,
  AUTHOR = {Hansen, Colin and Snyder, Scott and Qiu, Xiaojun and Brooks, Laura and Moreau, Danielle},
  LOCATION = {Boca Raton, FL},
  PUBLISHER = {CRC Press},
  DATE = {2012},
  EDITION = {2},
  TITLE = {Active Control of Noise and Vibration},
}

@BOOK{hartenberg1964,
  AUTHOR = {Hartenberg, Richard and Danavit, Jacques},
  LOCATION = {New York},
  PUBLISHER = {McGraw-Hill},
  DATE = {1964},
  TITLE = {Kinematic Synthesis of Linkages},
}

@ARTICLE{hartmann2011,
  AUTHOR = {Hartmann, C. and Latorre, J. C. and Ciccotti, G.},
  DATE = {2011},
  DOI = {10.1140/epjst/e2011-01519-7},
  JOURNALTITLE = {Eur. Phys. J. Spec. Top.},
  NUMBER = {1},
  PAGES = {73--89},
  TITLE = {On two possible definitions of the free energy for collective variables},
  VOLUME = {200},
}

@THESIS{hartmann2007a,
  AUTHOR = {Hartmann, Carsten},
  INSTITUTION = {Freie Universität Berlin},
  DATE = {2007},
  DOI = {10.17169/refubium-6526},
  TITLE = {Model Reduction in Classical Molecular Dynamics},
  TYPE = {phdthesis},
}

@ARTICLE{hartmann2007,
  AUTHOR = {Hartmann, Carsten and Schütte, Christof},
  DATE = {2007},
  DOI = {10.1016/j.physd.2007.02.006},
  JOURNALTITLE = {Physica D},
  NUMBER = {1},
  PAGES = {59},
  TITLE = {Comment on two distinct notions of free energy},
  VOLUME = {228},
}

@ARTICLE{heller2021,
  AUTHOR = {Heller, Eric J. and Fleischmann, Ragnar and Kramer, Tobias},
  PUBLISHER = {{AIP} Publishing},
  URL = {https://doi.org/10.1063%2Fpt.3.4902},
  DATE = {2021-12},
  DOI = {10.1063/pt.3.4902},
  EPRINT = {1910.07086},
  EPRINTCLASS = {cond-mat.soft},
  EPRINTTYPE = {arXiv},
  JOURNALTITLE = {Phys. Today},
  NUMBER = {12},
  PAGES = {44--51},
  TITLE = {Branched flow},
  VOLUME = {74},
}

@ARTICLE{hernandez2022,
  AUTHOR = {Hernandez, Arthur and Staddon, Michael F. and Bowick, Mark J. and Marchetti, M. Cristina and Moshe, Michael},
  PUBLISHER = {American Physical Society},
  DATE = {2022-06},
  DOI = {10.1103/PhysRevE.105.064611},
  EPRINT = {2109.10407},
  EPRINTCLASS = {cond-mat.soft},
  EPRINTTYPE = {arXiv},
  ISSUE = {6},
  JOURNALTITLE = {Phys. Rev. E},
  PAGES = {064611},
  TITLE = {Anomalous elasticity of a cellular tissue vertex model},
  VOLUME = {105},
}

@ARTICLE{herschbach1959,
  AUTHOR = {Herschbach, Dudley R. and Johnston, Harold S. and Rapp, Donald},
  DATE = {1959},
  DOI = {10.1063/1.1730670},
  JOURNALTITLE = {J. Chem. Phys.},
  NUMBER = {6},
  PAGES = {1652},
  TITLE = {Molecular Partition Functions in Terms of Local Properties},
  VOLUME = {31},
}

@ARTICLE{hespenheide2004,
  AUTHOR = {Hespenheide, B. M. and Jacobs, D. J. and Thorpe, M. F.},
  PUBLISHER = {IoP Publishing},
  DATE = {2004},
  DOI = {10.1088/0953-8984/16/44/003},
  JOURNALTITLE = {J. Phys.: Condens. Matter},
  NUMBER = {44},
  PAGES = {S5055},
  TITLE = {Structural rigidity in the capsid assembly of cowpea chlorotic mottle virus},
  VOLUME = {16},
}

@ARTICLE{holmes-cerfon2017,
  AUTHOR = {Holmes-Cerfon, Miranda},
  PUBLISHER = {Annual Reviews},
  DATE = {2017-03},
  DOI = {10.1146/annurev-conmatphys-031016-025357},
  EPRINT = {1709.05138},
  EPRINTCLASS = {cond-mat.soft},
  EPRINTTYPE = {arXiv},
  JOURNALTITLE = {Annu. Rev. Condens. Matter Phys.},
  NUMBER = {1},
  PAGES = {77--98},
  TITLE = {Sticky-Sphere Clusters},
  VOLUME = {8},
}

@ARTICLE{hsu2016,
  AUTHOR = {Hsu, Chia Wei and Zhen, Bo and Stone, A. Douglas and Joannopoulos, John D. and Soljačić, Marin},
  DATE = {2016-07},
  DOI = {10.1038/natrevmats.2016.48},
  JOURNALTITLE = {Nat. Rev. Mater.},
  NUMBER = {9},
  PAGES = {1--13},
  TITLE = {Bound states in the continuum},
  VOLUME = {1},
}

@ARTICLE{iinuma2014,
  AUTHOR = {Iinuma, Ryosuke and Ke, Yonggang and Jungmann, Ralf and Schlichthaerle, Thomas and Woehrstein, Johannes B. and Yin, Peng},
  DATE = {2014},
  DOI = {10.1126/science.1250944},
  JOURNALTITLE = {Science},
  NUMBER = {6179},
  PAGES = {65--69},
  TITLE = {Polyhedra Self-Assembled from {DNA} Tripods and Characterized with {3D} {DNA-PAINT}},
  VOLUME = {344},
}

@ARTICLE{ishkhanyan2018,
  AUTHOR = {Ishkhanyan, A.M.},
  PUBLISHER = {Elsevier {BV}},
  DATE = {2018-01},
  DOI = {10.1016/j.aop.2017.11.033},
  EPRINT = {1601.03360},
  EPRINTCLASS = {quant-ph},
  EPRINTTYPE = {arXiv},
  JOURNALTITLE = {Ann. Phys.},
  PAGES = {456--471},
  TITLE = {Schrödinger potentials solvable in terms of the general {Heun} functions},
  VOLUME = {388},
}

@BOOK{jordan2007,
  AUTHOR = {Jordan, Dominic W. and Smith, Peter W.},
  LOCATION = {Oxford},
  PUBLISHER = {Oxford University Press},
  DATE = {2007},
  EDITION = {4},
  TITLE = {Nonlinear Ordinary Differential Equations: An Introduction for Scientists and Engineers},
}

@THESIS{jose2023a,
  AUTHOR = {Jose, Kevin},
  INSTITUTION = {University of Southampton},
  DATE = {2023},
  TITLE = {Spatial variability of the dynamic response in periodic and non-homogeneous elastic media},
  TYPE = {phdthesis},
}

@ARTICLE{jose2022,
  AUTHOR = {Jose, Kevin and Ferguson, Neil and Bhaskar, Atul},
  PUBLISHER = {Springer Science and Business Media {LLC}},
  DATE = {2022-06},
  DOI = {10.1038/s42005-022-00917-z},
  JOURNALTITLE = {Commun. Phys.},
  NUMBER = {1},
  PAGES = {152},
  TITLE = {Branched flows of flexural waves in non-uniform elastic plates},
  VOLUME = {5},
}

@ARTICLE{jose2023,
  AUTHOR = {Jose, Kevin and Ferguson, Neil and Bhaskar, Atul},
  EDITOR = {Nawaz, Rab},
  PUBLISHER = {Public Library of Science ({PLoS})},
  DATE = {2023-05},
  DOI = {10.1371/journal.pone.0286420},
  JOURNALTITLE = {{PLOS} {ONE}},
  NUMBER = {5},
  PAGES = {e0286420},
  TITLE = {Branched flows of flexural elastic waves in non-uniform cylindrical shells},
  VOLUME = {18},
}

@ARTICLE{jung2020,
  AUTHOR = {Jung, Wei-Hung and Chen, Enze and Veneziano, Remi and Gaitanaros, Stavros and Chen, Yun},
  PUBLISHER = {Oxford University Press ({OUP})},
  DATE = {2020-11},
  DOI = {10.1093/nar/gkaa985},
  JOURNALTITLE = {Nucl. Acids Res.},
  NUMBER = {21},
  PAGES = {12407--12414},
  TITLE = {Stretching {DNA} origami: effect of nicks and {Holliday} junctions on the axial stiffness},
  VOLUME = {48},
}

@ARTICLE{kallus2017,
  AUTHOR = {Kallus, Yoav and Holmes-Cerfon, Miranda},
  PUBLISHER = {American Physical Society},
  DATE = {2017-02},
  DOI = {10.1103/PhysRevE.95.022130},
  EPRINT = {1605.08678},
  EPRINTCLASS = {cond-mat.stat-mech},
  EPRINTTYPE = {arXiv},
  ISSUE = {2},
  JOURNALTITLE = {Phys. Rev. E},
  PAGES = {022130},
  TITLE = {Free energy of singular sticky-sphere clusters},
  VOLUME = {95},
}

@ARTICLE{kang2019,
  AUTHOR = {Kang, Ji-Hwan and Kim, Hyunki and Santangelo, Christian D. and Hayward, Ryan C.},
  DATE = {2019},
  DOI = {10.1002/adma.201903006},
  JOURNALTITLE = {Adv. Mater.},
  NUMBER = {39},
  PAGES = {0193006},
  TITLE = {Enabling Robust Self-Folding Origami by Pre-Biasing Vertex Buckling Direction},
  VOLUME = {31},
}

@ARTICLE{kapko2011,
  AUTHOR = {Kapko, V. and Dawson, C. and Rivin, I. and Treacy, M. M. J.},
  PUBLISHER = {American Physical Society},
  DATE = {2011-10},
  DOI = {10.1103/PhysRevLett.107.164304},
  EPRINT = {1109.5203},
  EPRINTCLASS = {cond-mat.mtrl-sci},
  EPRINTTYPE = {arXiv},
  ISSUE = {16},
  JOURNALTITLE = {Phys. Rev. Lett.},
  PAGES = {164304},
  TITLE = {Density of Mechanisms within the Flexibility Window of Zeolites},
  VOLUME = {107},
}

@ARTICLE{kapovich1995,
  AUTHOR = {Kapovich, Michael and Millson, John},
  PUBLISHER = {Lehigh University},
  DATE = {1995},
  DOI = {10.4310/jdg/1214457237},
  JOURNALTITLE = {J. Differential Geom.},
  NUMBER = {2},
  PAGES = {430--464},
  TITLE = {On the moduli space of polygons in the {Euclidean} plane},
  VOLUME = {42},
}

@ARTICLE{kastner2008,
  AUTHOR = {Kastner, Michael},
  PUBLISHER = {American Physical Society},
  DATE = {2008-01},
  DOI = {10.1103/RevModPhys.80.167},
  EPRINT = {cond-mat.stat-mech/0703401},
  EPRINTTYPE = {arXiv},
  ISSUE = {1},
  JOURNALTITLE = {Rev. Mod. Phys.},
  PAGES = {167--187},
  TITLE = {Phase transitions and configuration space topology},
  VOLUME = {80},
}

@ARTICLE{kastner2011,
  AUTHOR = {Kästner, Johannes},
  DATE = {2011},
  DOI = {10.1002/wcms.66},
  JOURNALTITLE = {WIREs Comput. Mol. Sci.},
  NUMBER = {6},
  PAGES = {932--942},
  TITLE = {Umbrella sampling},
  VOLUME = {1},
}

@ARTICLE{kaufman1987,
  AUTHOR = {Kaufman, Allan N. and Ye, Huanchun and Hui, Yukkei},
  DATE = {1987},
  DOI = {10.1016/0375-9601(87)90724-9},
  ISSN = {0375-9601},
  JOURNALTITLE = {Phys. Lett. A},
  NUMBER = {7},
  PAGES = {327--330},
  TITLE = {Variational formulation of covariant eikonal theory for vector waves},
  VOLUME = {120},
}

@ARTICLE{ke2016,
  AUTHOR = {Ke, Yonggang and Meyer, Travis and Shih, William M. and Bellot, Gaetan},
  DATE = {2016-03},
  DOI = {10.1038/ncomms10935},
  ISSN = {2041-1723},
  JOURNALTITLE = {Nat. Commun.},
  NUMBER = {1},
  PAGES = {10935},
  TITLE = {Regulation at a distance of biomolecular interactions using a {DNA} origami nanoactuator},
  VOLUME = {7},
}

@ARTICLE{keller1958,
  AUTHOR = {Keller, Joseph B.},
  DATE = {1958},
  DOI = {10.1016/0003-4916(58)90032-0},
  ISSN = {0003-4916},
  JOURNALTITLE = {Ann. Phys.},
  NUMBER = {2},
  PAGES = {180--188},
  TITLE = {Corrected {Bohr--Sommerfeld} quantum conditions for nonseparable systems},
  VOLUME = {4},
}

@BOOK{kendall1999,
  EDITOR = {Kendall, D. G. and Barden, D. and Carne, T. K. and Le, H.},
  LOCATION = {Chichester},
  PUBLISHER = {John Wiley {\&} Sons, Ltd.},
  DATE = {1999},
  DOI = {10.1002/9780470317006},
  TITLE = {Shape {\&} Shape Theory},
}

@ARTICLE{kendall1989,
  AUTHOR = {Kendall, David G.},
  PUBLISHER = {Institute of Mathematical Statistics},
  DATE = {1989},
  DOI = {10.1214/ss/1177012582},
  JOURNALTITLE = {Stat. Sci.},
  NUMBER = {2},
  PAGES = {87--99},
  TITLE = {{A Survey of the Statistical Theory of Shape}},
  VOLUME = {4},
}

@ARTICLE{kernes2021,
  AUTHOR = {Kernes, Jonathan and Levine, Alex J.},
  PUBLISHER = {American Physical Society},
  DATE = {2021-01},
  DOI = {10.1103/PhysRevE.103.013002},
  EPRINT = {2006.13383},
  EPRINTCLASS = {cond-mat.soft},
  EPRINTTYPE = {arXiv},
  ISSUE = {1},
  JOURNALTITLE = {Phys. Rev. E},
  PAGES = {013002},
  TITLE = {Effects of curvature on the propagation of undulatory waves in lower dimensional elastic materials},
  VOLUME = {103},
}

@ARTICLE{krylov2020,
  AUTHOR = {Krylov, Victor V.},
  PUBLISHER = {Elsevier {BV}},
  URL = {https://doi.org/10.1016%2Fj.jsv.2019.115100},
  DATE = {2020-03},
  DOI = {10.1016/j.jsv.2019.115100},
  JOURNALTITLE = {J. Sound Vib.},
  PAGES = {115100},
  TITLE = {Overview of localised flexural waves in wedges of power-law profile and comments on their relationship with the acoustic black hole effect},
  VOLUME = {468},
}

@BOOK{landau1986,
  AUTHOR = {Landau, L. D. and Lifshitz, E. M.},
  LOCATION = {Oxford},
  PUBLISHER = {Butterworth--Heinemann},
  DATE = {1986},
  EDITION = {3},
  SERIES = {Course of Theoretical Physics},
  TITLE = {Theory of Elasticity},
  VOLUME = {7},
}

@ARTICLE{lee2017,
  AUTHOR = {Lee, Jae Yeon and Jeon, Wonju},
  PUBLISHER = {Acoustical Society of America ({ASA})},
  URL = {https://doi.org/10.1121%2F1.4976687},
  DATE = {2017-03},
  DOI = {10.1121/1.4976687},
  JOURNALTITLE = {J. Acoust. Soc. Am.},
  NUMBER = {3},
  PAGES = {1437--1445},
  TITLE = {Vibration damping using a spiral acoustic black hole},
  VOLUME = {141},
}

@BOOK{lee2013,
  AUTHOR = {Lee, John M},
  LOCATION = {New York, NY},
  PUBLISHER = {Springer},
  BOOKTITLE = {Introduction to Smooth Manifolds},
  DATE = {2013},
  EDITION = {2},
  TITLE = {Smooth Manifolds},
}

@BOOK{leimkuhler2005,
  AUTHOR = {Leimkuhler, Benedict and Reich, Sebastian},
  LOCATION = {Cambridge},
  PUBLISHER = {Cambridge University Press},
  DATE = {2005},
  DOI = {10.1017/CBO9780511614118},
  TITLE = {Simulating Hamiltonian Dynamics},
}

@BOOK{lelievre2010,
  AUTHOR = {Lelièvre, Tony and Rousset, Mathias and Stoltz, Gabriel},
  LOCATION = {London},
  PUBLISHER = {Imperial College Press},
  DATE = {2010},
  TITLE = {Free Energy Computations: A Mathematical Perspective},
}

@ARTICLE{lemieux1969,
  AUTHOR = {Lemieux, André and Bose, AK},
  URL = {http://www.numdam.org/item/?id=AIHPA_1969__10_3_259_0},
  DATE = {1969},
  JOURNALTITLE = {Ann. Inst. Henri Poincaré A},
  NUMBER = {3},
  PAGES = {259--270},
  TITLE = {Construction de potentiels pour lesquels l'équation de {Schrödinger} est soluble},
  VOLUME = {10},
}

@THESIS{lengyel2002,
  AUTHOR = {Lengyel, A.},
  INSTITUTION = {Oxford University},
  URL = {https://ora.ox.ac.uk/objects/uuid:457c87b2-5adb-45fc-9799-c2540950996f},
  DATE = {2002},
  TITLE = {Analogy between equilibrium of structures and compatibility of mechanisms},
  TYPE = {phdthesis},
}

@BOOK{leonard1989,
  AUTHOR = {Leonard, Jim and Graebner, Janet E},
  LOCATION = {Santa Ana, CA},
  PUBLISHER = {Kaleidoscope Press},
  DATE = {1989},
  TITLE = {Scratch My Back: A Pictorial History of the Musical Saw and How to Play It},
}

@ARTICLE{liedl2010,
  AUTHOR = {Liedl, Tim and Högberg, Björn and Tytell, Jessica and Ingber, Donald E. and Shih, William M.},
  DATE = {2010-07},
  DOI = {10.1038/nnano.2010.107},
  ISSN = {1748-3395},
  JOURNALTITLE = {Nat. Nanotechnol.},
  NUMBER = {7},
  PAGES = {520--524},
  TITLE = {Self-assembly of three-dimensional prestressed tensegrity structures from {DNA}},
  VOLUME = {5},
}

@ARTICLE{littlejohn1991,
  AUTHOR = {Littlejohn, Robert G. and Flynn, William G.},
  PUBLISHER = {American Physical Society},
  DATE = {1991-06},
  DOI = {10.1103/PhysRevLett.66.2839},
  ISSUE = {22},
  JOURNALTITLE = {Phys. Rev. Lett.},
  PAGES = {2839--2842},
  TITLE = {Geometric phases and the {Bohr--Sommerfeld} quantization of multicomponent wave fields},
  VOLUME = {66},
}

@ARTICLE{littlejohn1991a,
  AUTHOR = {Littlejohn, Robert G. and Flynn, William G.},
  PUBLISHER = {American Physical Society},
  DATE = {1991-10},
  DOI = {10.1103/PhysRevA.44.5239},
  ISSUE = {8},
  JOURNALTITLE = {Phys. Rev. A},
  PAGES = {5239--5256},
  TITLE = {Geometric phases in the asymptotic theory of coupled wave equations},
  VOLUME = {44},
}

@ARTICLE{littlejohn1995,
  AUTHOR = {Littlejohn, Robert G. and Reinsch, Matthias},
  PUBLISHER = {American Physical Society},
  DATE = {1995-09},
  DOI = {10.1103/PhysRevA.52.2035},
  ISSUE = {3},
  JOURNALTITLE = {Phys. Rev. A},
  PAGES = {2035--2051},
  TITLE = {Internal or shape coordinates in the $n$-body problem},
  VOLUME = {52},
}

@ARTICLE{littlejohn1997,
  AUTHOR = {Littlejohn, Robert G. and Reinsch, Matthias},
  PUBLISHER = {American Physical Society},
  DATE = {1997-01},
  DOI = {10.1103/RevModPhys.69.213},
  ISSUE = {1},
  JOURNALTITLE = {Rev. Mod. Phys.},
  PAGES = {213--276},
  TITLE = {Gauge fields in the separation of rotations and internal motions in the $n$-body problem},
  VOLUME = {69},
}

@ARTICLE{liu2003,
  AUTHOR = {Liu, Guanfeng and Lou, Yunjiang and Li, Zexiang},
  DATE = {2003},
  DOI = {10.1109/TRA.2003.814507},
  JOURNALTITLE = {IEEE Trans. Robot. Autom.},
  NUMBER = {4},
  PAGES = {579--594},
  TITLE = {Singularities of parallel manipulators: a geometric treatment},
  VOLUME = {19},
}

@ARTICLE{lopez-custodio2020,
  AUTHOR = {López-Custodio, P.C. and Müller, A. and Kang, X. and Dai, J.S.},
  DATE = {2020},
  DOI = {10.1016/j.mechmachtheory.2019.103730},
  ISSN = {0094-114X},
  JOURNALTITLE = {Mech. Mach. Theory},
  PAGES = {103730},
  TITLE = {Tangential intersection of branches of motion},
  VOLUME = {147},
}

@ARTICLE{lopez-custodio2019,
  AUTHOR = {López-Custodio, P.C. and Müller, A. and Rico, J.M. and Dai, J.S.},
  URL = {https://www.sciencedirect.com/science/article/pii/S0094114X18309352},
  DATE = {2019},
  DOI = {10.1016/j.mechmachtheory.2018.09.008},
  ISSN = {0094-114X},
  JOURNALTITLE = {Mech. Mach. Theory},
  PAGES = {154--175},
  TITLE = {A synthesis method for 1-{DOF} mechanisms with a cusp in the configuration space},
  VOLUME = {132},
}

@ARTICLE{lubensky2015,
  AUTHOR = {Lubensky, T C and Kane, C L and Mao, Xiaoming and Souslov, A and Sun, Kai},
  PUBLISHER = {{IoP} Publishing},
  DATE = {2015-06},
  DOI = {10.1088/0034-4885/78/7/073901},
  EPRINT = {1503.01324},
  EPRINTCLASS = {cond-mat.soft},
  EPRINTTYPE = {arXiv},
  JOURNALTITLE = {Rep. Prog. Phys.},
  NUMBER = {7},
  PAGES = {073901},
  TITLE = {Phonons and elasticity in critically coordinated lattices},
  VOLUME = {78},
}

@ARTICLE{mace1987,
  AUTHOR = {Mace, B. R.},
  PUBLISHER = {Elsevier {BV}},
  DATE = {1987-04},
  DOI = {10.1016/s0022-460x(87)80152-9},
  JOURNALTITLE = {J. Sound Vib.},
  NUMBER = {2},
  PAGES = {253--270},
  TITLE = {Active control of flexural vibrations},
  VOLUME = {114},
}

@MISC{mannattil2023,
  AUTHOR = {Mannattil, Manu and Santangelo, Christian D.},
  DATE = {2023},
  EPRINT = {2306.07213},
  EPRINTCLASS = {cond-mat.soft},
  EPRINTTYPE = {arXiv},
  NOTE = {preprint},
  TITLE = {Geometric Localization of Waves on Thin Elastic Structures},
}

@ARTICLE{mannattil2022,
  AUTHOR = {Mannattil, Manu and Schwarz, J. M. and Santangelo, Christian D.},
  PUBLISHER = {American Physical Society},
  DATE = {2022-05},
  DOI = {10.1103/PhysRevLett.128.208005},
  EPRINT = {2112.04279},
  EPRINTCLASS = {cond-mat.soft},
  EPRINTTYPE = {arXiv},
  ISSUE = {20},
  JOURNALTITLE = {Phys. Rev. Lett.},
  PAGES = {208005},
  TITLE = {Thermal Fluctuations of Singular Bar-Joint Mechanisms},
  VOLUME = {128},
}

@ARTICLE{marijanovic2022,
  AUTHOR = {Marijanović, Filip and Moroz, Sergej and Jeevanesan, Bhilahari},
  PUBLISHER = {American Physical Society},
  DATE = {2022-07},
  DOI = {10.1103/PhysRevB.106.024308},
  EPRINT = {2111.11733},
  EPRINTCLASS = {cond-mat.soft},
  EPRINTTYPE = {arXiv},
  ISSUE = {2},
  JOURNALTITLE = {Phys. Rev. B},
  PAGES = {024308},
  TITLE = {Rayleigh waves and cyclotron surface modes of gyroscopic metamaterials},
  VOLUME = {106},
}

@ARTICLE{marras2015,
  AUTHOR = {Marras, Alexander E. and Zhou, Lifeng and Su, Hai-Jun and Castro, Carlos E.},
  DATE = {2015-01},
  DOI = {10.1073/pnas.1408869112},
  JOURNALTITLE = {Proc. Natl. Acad. Sci. U.S.A.},
  NUMBER = {3},
  PAGES = {713--718},
  TITLE = {Programmable motion of {DNA} origami mechanisms},
  VOLUME = {112},
}

@BOOK{marsden1994,
  AUTHOR = {Marsden, Jerrold E and Hughes, Thomas J R},
  LOCATION = {Mineola, NY},
  PUBLISHER = {Dover},
  DATE = {1994},
  TITLE = {Mathematical Foundations of Elasticity},
}

@BOOK{maslov1981,
  AUTHOR = {Maslov, Victor P and Fedoriuk, Mikhail Vasilevich},
  TRANSLATOR = {Niederle, J. and Tolar, J.},
  LOCATION = {Dordrecht},
  PUBLISHER = {Kluwer},
  DATE = {1981},
  TITLE = {Semiclassical Approximation in Quantum Mechanics},
}

@ARTICLE{matthies2016,
  AUTHOR = {Matthies, Michael and Agarwal, Nayan P. and Schmidt, Thorsten L.},
  PUBLISHER = {American Chemical Society ({ACS})},
  DATE = {2016-02},
  DOI = {10.1021/acs.nanolett.6b00381},
  JOURNALTITLE = {Nano Lett.},
  NUMBER = {3},
  PAGES = {2108--2113},
  TITLE = {Design and Synthesis of Triangulated {DNA} Origami Trusses},
  VOLUME = {16},
}

@ARTICLE{maxwell1864,
  AUTHOR = {Maxwell, J. Clerk},
  PUBLISHER = {Taylor \& Francis},
  DATE = {1864},
  DOI = {10.1080/14786446408643668},
  JOURNALTITLE = {Philos. Mag.},
  NUMBER = {182},
  PAGES = {294--299},
  TITLE = {On the calculation of the equilibrium and stiffness of frames},
  VOLUME = {27},
}

@ARTICLE{mcdonald1988,
  AUTHOR = {McDonald, Steven W.},
  DATE = {1988},
  DOI = {10.1016/0370-1573(88)90012-9},
  ISSN = {0370-1573},
  JOURNALTITLE = {Phys. Rep.},
  NUMBER = {6},
  PAGES = {337--416},
  TITLE = {Phase-space representations of wave equations with applications to the eikonal approximation for short-wavelength waves},
  VOLUME = {158},
}

@ARTICLE{melo2020,
  AUTHOR = {Melo, H. P. M. and Dias, C. S. and Araújo, N. A. M.},
  DATE = {2020-09},
  DOI = {10.1038/s42005-020-00423-0},
  EPRINT = {2005.08202},
  EPRINTCLASS = {cond-mat.soft},
  EPRINTTYPE = {arXiv},
  ISSN = {2399-3650},
  JOURNALTITLE = {Commun. Phys.},
  NUMBER = {1},
  PAGES = {154},
  TITLE = {Optimal number of faces for fast self-folding kirigami},
  VOLUME = {3},
}

@ARTICLE{mermoud2000,
  AUTHOR = {Mermoud, Olivier and Steiner, Marcel},
  URL = {https://web.archive.org/web/20050517144953/http://www.heldermann-verlag.de/jgg/jgg01_05/jgg0413.pdf},
  DATE = {2000},
  JOURNALTITLE = {J. Geom. Graph.},
  NUMBER = {2},
  PAGES = {147--157},
  TITLE = {Visualisation of Configuration Spaces of Polygonal Linkages},
  VOLUME = {4},
}

@BOOK{mezey1993,
  AUTHOR = {Mezey, Paul G},
  LOCATION = {New York, NY},
  PUBLISHER = {Wiley-VCH},
  DATE = {1993},
  TITLE = {Shape in Chemistry},
}

@ARTICLE{mohammed2021,
  AUTHOR = {Mohammed, Neekar M. and Creagh, Stephen C. and Tanner, Gregor},
  DATE = {2021},
  DOI = {10.1016/j.wavemoti.2020.102697},
  ISSN = {0165-2125},
  JOURNALTITLE = {Wave Motion},
  PAGES = {102697},
  TITLE = {Tunnelling around bends—Wave scattering in curved shell structures},
  VOLUME = {101},
}

@ARTICLE{morley1961,
  AUTHOR = {Morley, L. S. D.},
  PUBLISHER = {Oxford University Press},
  DATE = {1961},
  DOI = {10.1093/qjmam/14.2.155},
  JOURNALTITLE = {Q. J. Mech. Appl. Math.},
  NUMBER = {2},
  PAGES = {155--172},
  TITLE = {Elastic Waves in a Naturally Curved Rod},
  VOLUME = {14},
}

@ARTICLE{muller2017,
  AUTHOR = {Müller, Andreas},
  DATE = {2017-12},
  DOI = {10.1115/1.4038528},
  JOURNALTITLE = {J. Mech. Robot},
  NUMBER = {1},
  PAGES = {011008},
  TITLE = {Higher-order analysis of kinematic singularities of lower pair linkages and serial manipulators},
  VOLUME = {10},
}

@BOOK{muller2019,
  EDITOR = {Müller, Andreas and Zlatanov, Dimiter},
  LOCATION = {Cham},
  PUBLISHER = {Springer},
  DATE = {2019},
  DOI = {10.1007/978-3-030-05219-5},
  ISBN = {978-3-030-05218-8},
  TITLE = {Singular Configurations of Mechanisms and Manipulators},
}

@ARTICLE{nelson1987,
  AUTHOR = {Nelson, D.R. and Peliti, L.},
  PUBLISHER = {{EDP} Sciences},
  URL = {https://doi.org/10.1051%2Fjphys%3A019870048070108500},
  DATE = {1987},
  DOI = {10.1051/jphys:019870048070108500},
  JOURNALTITLE = {J. Phys. France},
  NUMBER = {7},
  PAGES = {1085--1092},
  TITLE = {Fluctuations in membranes with crystalline and hexatic order},
  VOLUME = {48},
}

@BOOK{nelson2004,
  AUTHOR = {Nelson, David and Piran, Tsvi and Weinberg, Steven},
  LOCATION = {Singapore},
  PUBLISHER = {World Scientific},
  DATE = {2004},
  EDITION = {2},
  TITLE = {Statistical Mechanics of Membranes and Surfaces},
}

@ARTICLE{nielsen2014,
  AUTHOR = {Nielsen, Rasmus and Sorokin, Sergey},
  PUBLISHER = {The Royal Society},
  URL = {https://doi.org/10.1098%2Frspa.2013.0718},
  DATE = {2014-07},
  DOI = {10.1098/rspa.2013.0718},
  JOURNALTITLE = {Proc. R. Soc. A},
  NUMBER = {2167},
  PAGES = {20130718},
  TITLE = {The {WKB} approximation for analysis of wave propagation in curved rods of slowly varying diameter},
  VOLUME = {470},
}

@ARTICLE{nieto1978,
  AUTHOR = {Nieto, Michael Martin},
  PUBLISHER = {American Physical Society},
  DATE = {1978-04},
  DOI = {10.1103/PhysRevA.17.1273},
  ISSUE = {4},
  JOURNALTITLE = {Phys. Rev. A},
  PAGES = {1273--1283},
  TITLE = {Exact wave-function normalization constants for the {$B_0\tanh{z} - U_0\cosh^{-2}z$} and {Pöschl--Teller} potentials},
  VOLUME = {17},
}

@ARTICLE{norris1994,
  AUTHOR = {Norris, A. N. and Rebinsky, D. A.},
  DATE = {1994-10},
  DOI = {10.1115/1.2930449},
  ISSN = {1048-9002},
  JOURNALTITLE = {J. Vib. Acoust.},
  NUMBER = {4},
  PAGES = {457--467},
  TITLE = {Membrane and Flexural Waves on Thin Shells},
  VOLUME = {116},
}

@BOOK{olver2010,
  EDITOR = {Olver, Frank W. J. and Lozier, Daniel W. and Boisvert, Ronald F. and Clark, Charles W.},
  LOCATION = {New York, NY},
  PUBLISHER = {Cambridge University Press},
  URL = {https://dlmf.nist.gov},
  DATE = {2010},
  TITLE = {NIST Handbook of Mathematical Functions},
}

@ARTICLE{pancharatnam1956,
  AUTHOR = {Pancharatnam, S.},
  DATE = {1956-11},
  DOI = {10.1007/BF03046050},
  ISSN = {0370-0089},
  JOURNALTITLE = {Proc. Indian Acad. Sci. A},
  NUMBER = {5},
  PAGES = {247--262},
  TITLE = {Generalized theory of interference, and its applications},
  VOLUME = {44},
}

@ARTICLE{pelat2020,
  AUTHOR = {Pelat, Adrien and Gautier, François and Conlon, Stephen C. and Semperlotti, Fabio},
  PUBLISHER = {Elsevier {BV}},
  URL = {https://doi.org/10.1016%2Fj.jsv.2020.115316},
  DATE = {2020-06},
  DOI = {10.1016/j.jsv.2020.115316},
  JOURNALTITLE = {J. Sound Vib.},
  PAGES = {115316},
  TITLE = {The acoustic black hole: A review of theory and applications},
  VOLUME = {476},
}

@ARTICLE{pellegrino1986,
  AUTHOR = {Pellegrino, S. and Calladine, C.R.},
  DATE = {1986},
  DOI = {10.1016/0020-7683(86)90014-4},
  ISSN = {0020-7683},
  JOURNALTITLE = {Int. J. Solids Struct.},
  NUMBER = {4},
  PAGES = {409--428},
  TITLE = {Matrix analysis of statically and kinematically indeterminate frameworks},
  VOLUME = {22},
}

@BOOK{penrose2004,
  AUTHOR = {Penrose, Roger},
  LOCATION = {London},
  PUBLISHER = {Jonathan Cape},
  DATE = {2004},
  TITLE = {The Road to Reality},
}

@INBOOK{percival1977,
  AUTHOR = {Percival, Ian C.},
  EDITOR = {Prigogine, I. and Rice, Stuart A.},
  PUBLISHER = {John Wiley \& Sons, Ltd},
  BOOKTITLE = {Adv. Chem. Phys.},
  DATE = {1977},
  DOI = {10.1002/9780470142554.ch1},
  ISBN = {9780470142554},
  PAGES = {1--61},
  TITLE = {Semiclassical theory of Bound States},
}

@ARTICLE{pierce1993,
  AUTHOR = {Pierce, A. D.},
  DATE = {1993-10},
  DOI = {10.1115/1.2930361},
  ISSN = {1048-9002},
  JOURNALTITLE = {J. Vib. Acoust.},
  NUMBER = {4},
  PAGES = {384--390},
  TITLE = {Waves on Fluid-Loaded Inhomogeneous Elastic Shells of Arbitrary Shape},
  VOLUME = {115},
}

@INCOLLECTION{pierce1993a,
  AUTHOR = {Pierce, Allan D.},
  EDITOR = {Pierce, Allan D. and Thurston, R. N.},
  PUBLISHER = {Academic Press},
  BOOKTITLE = {Physical Acoustics},
  DATE = {1993},
  DOI = {10.1016/B978-0-12-477922-8.50007-8},
  ISSN = {0893-388X},
  PAGES = {195--371},
  TITLE = {Variational Formulations in Acoustic Radiation and Scattering},
  VOLUME = {22},
}

@ARTICLE{pierce1970,
  AUTHOR = {Pierce, Allen D.},
  PUBLISHER = {Acoustical Society of America ({ASA})},
  URL = {https://doi.org/10.1121%2F1.1912125},
  DATE = {1970-07},
  DOI = {10.1121/1.1912125},
  JOURNALTITLE = {J. Acoust. Soc. Am.},
  NUMBER = {1B},
  PAGES = {275--284},
  TITLE = {Physical Interpretation of the {WKB} or Eikonal Approximation for Waves and Vibrations in Inhomogeneous Beams and Plates},
  VOLUME = {48},
}

@ARTICLE{poschl1933,
  AUTHOR = {Pöschl, G. and Teller, E.},
  PUBLISHER = {Springer Science and Business Media {LLC}},
  DATE = {1933-03},
  DOI = {10.1007/bf01331132},
  JOURNALTITLE = {Z. Phys.},
  NUMBER = {3-4},
  PAGES = {143--151},
  TITLE = {Bemerkungen zur Quantenmechanik des anharmonischen Oszillators},
  VOLUME = {83},
}

@ARTICLE{postnova2008,
  AUTHOR = {Postnova, Julia and Craster, Richard V.},
  DATE = {2008},
  DOI = {10.1016/j.wavemoti.2007.11.002},
  ISSN = {0165-2125},
  JOURNALTITLE = {Wave Motion},
  NUMBER = {4},
  PAGES = {565--579},
  TITLE = {Trapped modes in elastic plates, ocean and quantum waveguides},
  VOLUME = {45},
}

@ARTICLE{power2014,
  AUTHOR = {Power, Stephen C},
  PUBLISHER = {The Royal Society Publishing},
  DATE = {2014},
  DOI = {10.1098/rsta.2012.0030},
  EPRINT = {1102.2744},
  EPRINTCLASS = {math.CO},
  EPRINTTYPE = {arXiv},
  JOURNALTITLE = {Philos. Trans. R. Soc. A},
  NUMBER = {2008},
  PAGES = {20120030},
  TITLE = {Polynomials for crystal frameworks and the rigid unit mode spectrum},
  VOLUME = {372},
}

@BOOK{pressley2010,
  AUTHOR = {Pressley, Andrew},
  LOCATION = {London},
  PUBLISHER = {Springer},
  DATE = {2010},
  DOI = {10.1007/978-1-84882-891-9},
  EDITION = {2},
  TITLE = {Elementary Differential Geometry},
}

@BOOK{ramond1997,
  AUTHOR = {Ramond, Pierre},
  LOCATION = {Boulder, CO},
  PUBLISHER = {Westview Press},
  URL = {http://web.archive.org/web/20220525110414/https://www.phys.ufl.edu/~ramond/Primer.html},
  DATE = {1997},
  TITLE = {Field Theory: A Modern Primer},
}

@ARTICLE{ravendranadhan1989,
  AUTHOR = {Ravendranadhan, M and Sabir, M},
  PUBLISHER = {IOP Publishing},
  DATE = {1989},
  DOI = {10.1088/0954-3899/15/6/006},
  JOURNALTITLE = {J. Phys. G},
  NUMBER = {6},
  PAGES = {741},
  TITLE = {Fermion-dyon bound states and fermion number fractionisation},
  VOLUME = {15},
}

@ARTICLE{ravendranadhan1993,
  AUTHOR = {Ravendranadhan, M. and Sabir, M.},
  DATE = {1993-02},
  DOI = {10.1142/s0217751x93000278},
  JOURNALTITLE = {Int. J. Mod. Phys. A},
  NUMBER = {04},
  PAGES = {705--721},
  TITLE = {Ground state charge of fermion soliton system in 1+1 and 3+1 dimensions},
  VOLUME = {08},
}

@ARTICLE{ravendranadhan1994,
  AUTHOR = {Ravendranadhan, M. and Sabir, M.},
  PUBLISHER = {World Scientific Pub Co Pte Lt},
  DATE = {1994-08},
  DOI = {10.1142/s0217751x94001461},
  JOURNALTITLE = {Int. J. Mod. Phys. A},
  NUMBER = {20},
  PAGES = {3657--3667},
  TITLE = {Ground state charge of {O(3)} nonlinear $\sigma$ model solitons in 2+1 dimensions},
  VOLUME = {09},
}

@ARTICLE{rebinsky1996,
  AUTHOR = {Rebinsky, D. A. and Norris, A. N.},
  PUBLISHER = {{ASME} International},
  URL = {https://doi.org/10.1115%2F1.2888218},
  DATE = {1996-07},
  DOI = {10.1115/1.2888218},
  JOURNALTITLE = {J. Vib. Acoust.},
  NUMBER = {3},
  PAGES = {526--529},
  TITLE = {Dispersion of Flexural Waves on Shells},
  VOLUME = {118},
}

@ARTICLE{rocklin2018,
  AUTHOR = {Rocklin, D. Zeb and Vitelli, Vincenzo and Mao, Xiaoming},
  DATE = {2018},
  EPRINT = {1802.02704},
  EPRINTCLASS = {cond-mat.soft},
  EPRINTTYPE = {arXiv},
  NOTE = {preprint},
  TITLE = {Folding mechanisms at finite temperature},
}

@ARTICLE{rosen1932,
  AUTHOR = {Rosen, N. and Morse, Philip M.},
  PUBLISHER = {American Physical Society},
  DATE = {1932-10},
  DOI = {10.1103/PhysRev.42.210},
  ISSUE = {2},
  JOURNALTITLE = {Phys. Rev.},
  PAGES = {210--217},
  TITLE = {On the Vibrations of Polyatomic Molecules},
  VOLUME = {42},
}

@ARTICLE{schwarz1979,
  AUTHOR = {Schwarz, A. S.},
  PUBLISHER = {Springer Science and Business Media {LLC}},
  DATE = {1979-10},
  DOI = {10.1007/bf01221733},
  JOURNALTITLE = {Commun. Math. Phys.},
  NUMBER = {3},
  PAGES = {233--268},
  TITLE = {Instantons and fermions in the field of instanton},
  VOLUME = {64},
}

@ARTICLE{scott1992,
  AUTHOR = {Scott, J. F. M. and Woodhouse, John Henry},
  DATE = {1992},
  DOI = {10.1098/rsta.1992.0052},
  JOURNALTITLE = {Philos. Trans. R. Soc. A},
  NUMBER = {1655},
  PAGES = {587--625},
  TITLE = {Vibration of an elastic strip with varying curvature},
  VOLUME = {339},
}

@ARTICLE{shankar2022,
  AUTHOR = {Shankar, Suraj and Bryde, Petur and Mahadevan, L.},
  DATE = {2022},
  DOI = {10.1073/pnas.2117241119},
  EPRINT = {arXiv:2108.10875},
  EPRINTCLASS = {cond-mat.soft},
  EPRINTTYPE = {arXiv},
  JOURNALTITLE = {Proc. Natl. Acad. Sci. U.S.A.},
  NUMBER = {17},
  PAGES = {e2117241119},
  TITLE = {Geometric control of topological dynamics in a singing saw},
  VOLUME = {119},
}

@ARTICLE{shenoy2012,
  AUTHOR = {Shenoy, Vivek B. and Gracias, David H.},
  PUBLISHER = {Cambridge University Press},
  DATE = {2012},
  DOI = {10.1557/mrs.2012.184},
  JOURNALTITLE = {MRS Bull.},
  NUMBER = {9},
  PAGES = {847--854},
  TITLE = {Self-folding thin-film materials: From nanopolyhedra to graphene origami},
  VOLUME = {37},
}

@ARTICLE{shimamoto2005,
  AUTHOR = {Shimamoto, Don and Vanderwaart, Catherine},
  PUBLISHER = {Mathematical Association of America},
  URL = {http://www.jstor.org/stable/30037466},
  DATE = {2005},
  DOI = {10.2307/30037466},
  ISSN = {00029890, 19300972},
  JOURNALTITLE = {Am. Math. Mon.},
  NUMBER = {4},
  PAGES = {289--310},
  TITLE = {Spaces of Polygons in the Plane and {Morse} Theory},
  VOLUME = {112},
}

@ARTICLE{sndergaard2016,
  AUTHOR = {S{ø}ndergaard, Niels and Chappell, David J.},
  DATE = {2016},
  DOI = {10.1016/j.jsv.2016.05.019},
  EPRINT = {1608.04623},
  EPRINTCLASS = {physics.class-ph},
  EPRINTTYPE = {arXiv},
  ISSN = {0022-460X},
  JOURNALTITLE = {J. Sound Vib.},
  PAGES = {155--168},
  TITLE = {Ray and wave scattering in smoothly curved thin shell cylindrical ridges},
  VOLUME = {377},
}

@ARTICLE{sondergaard2002,
  AUTHOR = {Sondergaard, Niels and Tanner, Gregor},
  PUBLISHER = {American Physical Society},
  DATE = {2002-12},
  DOI = {10.1103/PhysRevE.66.066211},
  EPRINT = {nlin/0209009},
  EPRINTTYPE = {arXiv},
  ISSUE = {6},
  JOURNALTITLE = {Phys. Rev. E},
  PAGES = {066211},
  TITLE = {Wave chaos in the elastic disk},
  VOLUME = {66},
}

@REPORT{souder2017,
  AUTHOR = {Souder, Paul A.},
  INSTITUTION = {Syracuse University},
  LOCATION = {Syracuse, NY},
  DATE = {2017},
  TITLE = {Geometrical Mechanics},
  TYPE = {Lecture Notes},
}

@ARTICLE{souslov2019,
  AUTHOR = {Souslov, Anton and Dasbiswas, Kinjal and Fruchart, Michel and Vaikuntanathan, Suriyanarayanan and Vitelli, Vincenzo},
  PUBLISHER = {American Physical Society},
  DATE = {2019-03},
  DOI = {10.1103/PhysRevLett.122.128001},
  EPRINT = {1802.09649},
  EPRINTCLASS = {cond-mat.soft},
  EPRINTTYPE = {arXiv},
  ISSUE = {12},
  JOURNALTITLE = {Phys. Rev. Lett.},
  PAGES = {128001},
  TITLE = {Topological Waves in Fluids with Odd Viscosity},
  VOLUME = {122},
}

@BOOK{strogatz1994,
  AUTHOR = {Strogatz, Steven H},
  LOCATION = {Cambridge, MA},
  PUBLISHER = {Westview Press},
  DATE = {1994},
  TITLE = {Nonlinear Dynamics and Chaos},
}

@BOOK{struik1988,
  AUTHOR = {Struik, Dirk Jan},
  LOCATION = {Mineola, NY},
  PUBLISHER = {Dover},
  DATE = {1988},
  EDITION = {2},
  TITLE = {Lectures on Classical Differential Geometry},
}

@REPORT{stuckenbruck2016,
  AUTHOR = {Stuckenbruck, Erin E.},
  INSTITUTION = {Bard College},
  URL = {https://digitalcommons.bard.edu/senproj_s2016/383/},
  DATE = {2016},
  TITLE = {The Singing Blade: The History, Acoustics, and Techniques of the Musical Saw},
  TYPE = {Senior Project},
}

@BOOK{sudarshan1974,
  AUTHOR = {Sudarshan, Ennackel Chandy George and Mukunda, Narasimhaiengar},
  LOCATION = {New York, NY},
  PUBLISHER = {John Wiley {\&} Sons, Ltd.},
  DATE = {1974},
  TITLE = {Classical Dynamics: A Modern Perspective},
}

@INBOOK{tarnai2001,
  AUTHOR = {Tarnai, Tibor},
  EDITOR = {Pellegrino, Sergio},
  LOCATION = {Vienna},
  PUBLISHER = {Springer},
  BOOKTITLE = {Deployable Structures},
  CHAPTER = {8},
  DATE = {2001},
  DOI = {10.1007/978-3-7091-2584-7_8},
  ISBN = {978-3-7091-2584-7},
  PAGES = {143--169},
  TITLE = {Kinematic Bifurcation},
}

@BOOK{tracy2014,
  AUTHOR = {Tracy, Eugene Raymond and Brizard, Alain Jean and Richardson, AS and Kaufman, AN},
  LOCATION = {Cambridge},
  PUBLISHER = {Cambridge University Press},
  DATE = {2014},
  TITLE = {Ray Tracing and Beyond: Phase Space Methods in Plasma Wave Theory},
}

@ARTICLE{tropp2006,
  AUTHOR = {Tropp, Oren and Tal, Ayellet and Shimshoni, Ilan},
  DATE = {2006},
  DOI = {10.1002/cav.115},
  JOURNALTITLE = {Comp. Anim. Virtual Worlds},
  NUMBER = {5},
  PAGES = {527--535},
  TITLE = {A fast triangle to triangle intersection test for collision detection},
  VOLUME = {17},
}

@ARTICLE{venaille2023,
  AUTHOR = {Venaille, Antoine and Onuki, Yohei and Perez, Nicolas and Leclerc, Armand},
  PUBLISHER = {SciPost},
  DATE = {2023},
  DOI = {10.21468/SciPostPhys.14.4.062},
  EPRINT = {2207.01479},
  EPRINTCLASS = {physics.flu-dyn},
  EPRINTTYPE = {arXiv},
  JOURNALTITLE = {SciPost Phys.},
  PAGES = {062},
  TITLE = {{From ray tracing to waves of topological origin in continuous media}},
  VOLUME = {14},
}

@ARTICLE{wales2018,
  AUTHOR = {Wales, David J.},
  PUBLISHER = {Annual Reviews},
  URL = {https://doi.org/10.1146%2Fannurev-physchem-050317-021219},
  DATE = {2018-04},
  DOI = {10.1146/annurev-physchem-050317-021219},
  JOURNALTITLE = {Annu. Rev. Phys. Chem},
  NUMBER = {1},
  PAGES = {401--425},
  TITLE = {Exploring Energy Landscapes},
  VOLUME = {69},
}

@ARTICLE{walsh2000,
  AUTHOR = {Walsh, S. J. and White, R. G.},
  DATE = {2000},
  DOI = {10.1006/jsvi.1999.2834},
  ISSN = {0022-460X},
  JOURNALTITLE = {J. Sound Vib.},
  NUMBER = {3},
  PAGES = {455--488},
  TITLE = {Vibrational power transmission in curved beams},
  VOLUME = {233},
}

@ARTICLE{weigert1993,
  AUTHOR = {Weigert, Stefan and Littlejohn, Robert G.},
  PUBLISHER = {American Physical Society},
  DATE = {1993-05},
  DOI = {10.1103/PhysRevA.47.3506},
  ISSUE = {5},
  JOURNALTITLE = {Phys. Rev. A},
  PAGES = {3506--3512},
  TITLE = {Diagonalization of multicomponent wave equations with a {Born--Oppenheimer} example},
  VOLUME = {47},
}

@ARTICLE{whitney1965,
  AUTHOR = {Whitney, Hassler},
  DATE = {1965},
  DOI = {10.2307/1970400},
  ISSN = {0003486X},
  JOURNALTITLE = {Ann. Math.},
  NUMBER = {3},
  PAGES = {496--549},
  TITLE = {Tangents to an Analytic Variety},
  VOLUME = {81},
}

@ARTICLE{williams1990,
  AUTHOR = {Williams, Earl G. and Houston, Brian H. and Bucaro, Joseph A.},
  PUBLISHER = {Acoustical Society of America ({ASA})},
  DATE = {1990-02},
  DOI = {10.1121/1.398922},
  JOURNALTITLE = {J. Acoust. Soc. Am.},
  NUMBER = {2},
  PAGES = {513--522},
  TITLE = {Experimental investigation of the wave propagation on a point-driven, submerged capped cylinder using {$K$}-space analysis},
  VOLUME = {87},
}

@REPORT{williams2003,
  AUTHOR = {Williams, William O.},
  INSTITUTION = {Center for Nonlinear Analysis, Department of Mathematical Sciences, Carnegie Mellon University},
  LOCATION = {Pittsburgh, PA},
  URL = {https://web.archive.org/web/20171209064338id_/http://www.math.cmu.edu/users/wow/papers/newprimer.pdf},
  DATE = {2003},
  TITLE = {{A Primer on the Mechanics of Tensegrity Structures}},
  TYPE = {Technical Report},
}

@ARTICLE{woodhouse2018,
  AUTHOR = {Woodhouse, Francis G. and Ronellenfitsch, Henrik and Dunkel, Jörn},
  PUBLISHER = {American Physical Society},
  DATE = {2018-10},
  DOI = {10.1103/PhysRevLett.121.178001},
  EPRINT = {1805.07728},
  EPRINTCLASS = {cond-mat.soft},
  EPRINTTYPE = {arXiv},
  ISSUE = {17},
  JOURNALTITLE = {Phys. Rev. Lett.},
  PAGES = {178001},
  TITLE = {Autonomous Actuation of Zero Modes in Mechanical Networks Far from Equilibrium},
  VOLUME = {121},
}

@ARTICLE{wu2020,
  AUTHOR = {Wu, Liheng and Müller, Andreas and Dai, Jian S.},
  DATE = {2020},
  DOI = {10.1016/j.mechmachtheory.2019.103776},
  ISSN = {0094-114X},
  JOURNALTITLE = {Mech. Mach. Theory},
  PAGES = {103776},
  TITLE = {A matrix method to determine infinitesimally mobile linkages with only first-order infinitesimal mobility},
  VOLUME = {148},
}

@ARTICLE{yabana1986,
  AUTHOR = {Yabana, Kazuhiro and Horiuchi, Hisashi},
  DATE = {1986-03},
  DOI = {10.1143/PTP.75.592},
  ISSN = {0033-068X},
  JOURNALTITLE = {Prog. Theor. Phys.},
  NUMBER = {3},
  PAGES = {592--618},
  TITLE = {Adiabatic Viewpoint for the {WKB} Treatment of Coupled Channel System},
  VOLUME = {75},
}

@ARTICLE{yan2018,
  AUTHOR = {Yan, Le},
  DATE = {2018-04},
  DOI = {10.1038/s41467-018-03859-9},
  EPRINT = {1709.03015},
  EPRINTCLASS = {cond-mat.stat-mech},
  EPRINTTYPE = {arXiv},
  ISSN = {2041-1723},
  JOURNALTITLE = {Nat. Commun.},
  NUMBER = {1},
  PAGES = {1359},
  TITLE = {Entropy favors heterogeneous structures of networks near the rigidity threshold},
  VOLUME = {9},
}

@ARTICLE{yang1994,
  AUTHOR = {Yang, Rui and Krishnaprasad, P. S.},
  PUBLISHER = {Taylor \& Francis},
  DATE = {1994},
  DOI = {10.1080/02681119408806166},
  JOURNALTITLE = {Dynam. Stabil. Syst.},
  NUMBER = {1},
  PAGES = {19--45},
  TITLE = {On the geometry and dynamics of floating four-bar linkages},
  VOLUME = {9},
}

@ARTICLE{yu1955,
  AUTHOR = {Yu, Yi-Yuan},
  DATE = {1955-06},
  DOI = {10.1115/1.4011152},
  ISSN = {0021-8936},
  JOURNALTITLE = {J. Appl. Mech.},
  NUMBER = {4},
  PAGES = {547--552},
  TITLE = {{Free Vibrations of Thin Cylindrical Shells Having Finite Lengths With Freely Supported and Clamped Edges}},
  VOLUME = {22},
}

@ARTICLE{zangeneh-nejad2019,
  AUTHOR = {Zangeneh-Nejad, Farzad and Fleury, Romain},
  PUBLISHER = {Elsevier {BV}},
  DATE = {2019-11},
  DOI = {10.1016/j.revip.2019.100031},
  JOURNALTITLE = {Rev. Phys.},
  PAGES = {100031},
  TITLE = {Active times for acoustic metamaterials},
  VOLUME = {4},
}

@ARTICLE{zhang2016,
  AUTHOR = {Zhang, Leyou and Mao, Xiaoming},
  PUBLISHER = {American Physical Society},
  DATE = {2016-02},
  DOI = {10.1103/PhysRevE.93.022110},
  EPRINT = {1503.05274},
  EPRINTCLASS = {cond-mat.soft},
  EPRINTTYPE = {arXiv},
  ISSUE = {2},
  JOURNALTITLE = {Phys. Rev. E},
  PAGES = {022110},
  TITLE = {Finite-temperature mechanical instability in disordered lattices},
  VOLUME = {93},
}

@ARTICLE{zhao2019,
  AUTHOR = {Zhao, Shuai and Duan, Fangyuan and Liu, Shaoli and Wu, Tiantian and Shang, Yingxu and Tian, Run and Liu, Jianbing and Wang, Zhen-Gang and Jiang, Qiao and Ding, Baoquan},
  DATE = {2019},
  DOI = {10.1021/acsami.8b21724},
  JOURNALTITLE = {ACS Appl. Mater. Interfaces},
  NUMBER = {12},
  PAGES = {11112--11118},
  TITLE = {Efficient Intracellular Delivery of {RNase A} Using {DNA} Origami Carriers},
  VOLUME = {11},
}

@ARTICLE{zhou2015,
  AUTHOR = {Zhou, Lifeng and Marras, Alexander E. and Su, Hai-Jun and Castro, Carlos E.},
  DATE = {2015},
  DOI = {10.1021/nl5045633},
  JOURNALTITLE = {Nano Lett.},
  NUMBER = {3},
  PAGES = {1815--1821},
  TITLE = {Direct Design of an Energy Landscape with Bistable {DNA} Origami Mechanisms},
  VOLUME = {15},
}

@INBOOK{zlatanov2002,
  AUTHOR = {Zlatanov, Dimiter and Bonev, Ilian A. and Gosselin, Clément M.},
  EDITOR = {Lenarčič, J. and Thomas, F.},
  LOCATION = {Dordrecht},
  PUBLISHER = {Springer},
  BOOKTITLE = {Advances in Robot Kinematics},
  DATE = {2002},
  DOI = {10.1007/978-94-017-0657-5_20},
  PAGES = {183--192},
  TITLE = {Constraint Singularities as $\mathcal{C}$-Space Singularities},
}
