@article{thermmech,
  note = {\url{https://github.com/manu-mannattil/thermmech}}
  year = 2022,
  author = {M. Mannattil}
}

@article{glwtes,
  note = {\url{https://github.com/manu-mannattil/glwtes}},
  year = 2023,
  author = {M. Mannattil}
}
